% YAO, X.; LIU, Y. Machine learning. In: Search Methodologies. [S.l.]: Springer, 2014.
% p. 477–517.
% Solve that citation - based on TCC Braida 2021 %
@article{machine_learning_yao_liu,
  title={Machine learning},
  author={YAO, X., LIU, Y.},
  journal={In: Search Methodologies},
  year={2014},
  publisher={[S.l.]: Springer},
  pages={477--517},
},

@Inbook{naqa_e_murphy,
    author="El Naqa, Issam and Murphy, Martin J.",
    editor="El Naqa, Issam and Li, Ruijiang and Murphy, Martin J.",
    title="What Is Machine Learning?",
    bookTitle="Machine Learning in Radiation Oncology: Theory and Applications",
    year="2015",
    publisher="Springer International Publishing",
    address="Cham",
    isbn="978-3-319-18305-3",
    doi="10.1007/978-3-319-18305-3_1",
    url="https://doi.org/10.1007/978-3-319-18305-3_1"
}

@misc{arthur_samuel_xadrez,
        Title = {Some Studies in Machine Learning
Using the Game of Checkers},
        Author = {A. L. Samuel},
	howpublished={Disponível em \url{http://dx.doi.org/10.1147/rd.33.0210}. Acesso em: 24 de maio de 2023.},
        Date-Added = {2013-01-09 10:37:38 +0000},
	Date-Modified = {2015-04-27 22:42:47 +0000},
	Organization = {IBM},
	year = "1959",
}

@book{machine_learning_tom_mitchell,
    author={Tom M. Mitchell},
    title={Machine Learning},
    publisher={ McGraw-Hill Science/Engineering/Math},
    year={1997},
    isbn="0070428077"
}


@misc{chat_gpt_open_ai,
        Title = {Introducing ChatGPT},
        Author = {OpenAI},
	howpublished={Disponível em \url{https://openai.com/blog/chatgpt}. Acesso em: 27 de maio de 2023.},
	Organization = {IBM},
	year = "2022",
},

@article{tcc_anomalia_2020,
  title={Classificação Automática de Anomalias em Vídeos},
  author={Matheus Oliveira de Barros and Nelson Antunes Laranjeira Neto},
  year={2020}
},

@article{tcc_anomalia_2021,
  title={Classificação Automática de Anomalia
em Vídeo Independente de Contexto},
  author={José Lucas Alves Gomes},
  year={2021}
},

@inproceedings{drive_a_bicycle_rl_jette,
    author = {Randlov and Jette and Alstrøm, Preben},
    year = {1998},
    month = {01},
    pages = {463-471},
    title = {Learning to Drive a Bicycle Using Reinforcement Learning and Shaping.},
    journal = {Proceedings of the 15th International Conference on Machine Learning}
},

@book{rl_an_introduction,
    author={Richard S. Sutton and Andrew G. Barto},
    title={Reinforcement Learning, An Introduction},
    publisher={The MIT Press},
    year={1998},
    isbn="978-0262193986"
},

@article{perceptron_frank_rosenblatt,
  title={The Perceptron: A probabilistic Model for Information Storage and Organization in the Brain},
  author={Frank Rosemblatt,},
  year={1958}
},

@book{neural_network_learning_anthony_bartlett,
    title={Neural Network Learning: Theoretical Foundations},
    author={Martin Anthony and Peter L. Bartlett},
    publisher={Cambridge University Press},
    year={1999},
    isbn="9780521118620"
},

@book{perceptron_not_linear_separable_marvin_seymour,
    title={Perceptrons: An Introduction to Computational Geometry},
    author={Marvin Minsky and Seymour A. Papert},
    publisher={The MIT Press},
    year={1969},
    isbn="9780262130431"
},

@phdthesis{mlp_gradient_descend_paul,
  title={Beyond Regression: New Tools for Prediction and Analysis in the Behavioral Science},
  author={Paul John Werbos},
  school={Harvard University, Comitê de Matemática Aplicada},
  year={1974}
},

@article{mlp_architeture_hassan,
  title={Assessment of artificial neural network for bathymetry estimation using high resolution satellite imagery in shallow lakes : Case study el burullus lake},
  author={Hassan Mohamed and AbdelazimNegm and Mohamed Zahran and Oliver C. Saavedra},
  year={2015}
},

@book{MLP_gardner,
    title={Artificial neural networks (the multilayer perceptron) - a review of applications in the atmospheric sciences},
    author={Gardner, M.W. and Dorling, S.R.},
    publisher={Atmospheric Environment, v. 32},
    year={1998},
    isbn="13522310"
},

@book{activation_functions_ann_sharma,
    title={Activation Functions in Neural Networks},
    author={Siddharth Sharma and Simone Sharma and Anidhya Athaiya},
    publisher={International Journal of Engineering Applied Sciences and Technology, v. 4},
    year={2000},
    issn="2455-2143"
},












%%%%%%%%%%%%
@article{braida2015transforming,
  title={Transforming collaborative filtering into supervised learning},
  author={Braida, Filipe and Mello, Carlos E and Pasinato, Marden B and Zimbr{\~a}o, Geraldo},
  journal={Expert Systems with Applications},
  volume={42},
  number={10},
  pages={4733--4742},
  year={2015},
  publisher={Elsevier}
},

@manual{abntex2classe,
	Author = {Lauro C{\'e}sar Araujo},
	Date-Added = {2013-01-09 10:37:38 +0000},
	Date-Modified = {2015-04-27 22:42:47 +0000},
	Organization = {Equipe abnTeX2},
	Title = {A classe abntex2: Modelo can{\^o}nico de trabalhos acad{\^e}micos brasileiros compat{\'\i}vel com as normas ABNT NBR 14724:2011, ABNT NBR 6024:2012 e outras},
	Url = {http://www.abntex.net.br/},
	Year = {2015},
	Bdsk-Url-1 = {http://www.abntex.net.br/}}